<record><leader>00000cas a22000007a 4500</leader><controlfield tag="001">37473402</controlfield><controlfield tag="008">970814d19uu19uucauwr ne      0    0eng d</controlfield><datafield ind1=" " ind2=" " tag="010"><subfield code="a">sn 97060758 </subfield></datafield><datafield ind1=" " ind2=" " tag="040"><subfield code="a">CNK</subfield><subfield code="b">eng</subfield><subfield code="c">CNK</subfield><subfield code="d">OCLCQ</subfield><subfield code="d">OCLCF</subfield><subfield code="d">OCLCO</subfield></datafield><datafield ind1="1" ind2=" " tag="029"><subfield code="a">AU@</subfield><subfield code="b">000013446604</subfield></datafield><datafield ind1=" " ind2=" " tag="042"><subfield code="a">msc</subfield></datafield><datafield ind1=" " ind2=" " tag="043"><subfield code="a">n-us-ca</subfield></datafield><datafield ind1="0" ind2=" " tag="130"><subfield code="a">Weekly recorder (Porterville, Calif.)</subfield></datafield><datafield ind1="1" ind2="4" tag="245"><subfield code="a">The weekly recorder.</subfield></datafield><datafield ind1="1" ind2="3" tag="246"><subfield code="a">Porterville weekly recorder</subfield></datafield><datafield ind1=" " ind2=" " tag="260"><subfield code="a">Portersville [i.e. Porterville], Calif. :</subfield><subfield code="b">Leslie McAuliff</subfield></datafield><datafield ind1=" " ind2=" " tag="300"><subfield code="a">v.</subfield></datafield><datafield ind1=" " ind2=" " tag="310"><subfield code="a">Weekly</subfield></datafield><datafield ind1=" " ind2=" " tag="588"><subfield code="a">Description based on: Vol. 5, no. 33 (Jan. 9, 1912 [i.e. 1913]).</subfield></datafield><datafield ind1=" " ind2="0" tag="651"><subfield code="a">Porterville (Calif.)</subfield><subfield code="v">Newspapers.</subfield></datafield><datafield ind1=" " ind2="7" tag="655"><subfield code="a">Newspapers.</subfield><subfield code="2">fast</subfield><subfield code="0">(OCoLC)fst01423814</subfield></datafield><datafield ind1=" " ind2="7" tag="651"><subfield code="a">California</subfield><subfield code="z">Porterville.</subfield><subfield code="2">fast</subfield><subfield code="0">(OCoLC)fst01221858</subfield></datafield><datafield ind1=" " ind2=" " tag="752"><subfield code="a">United States</subfield><subfield code="b">California</subfield><subfield code="c">Tulare</subfield><subfield code="d">Porterville.</subfield></datafield><datafield ind1="0" ind2=" " tag="775"><subfield code="t">Porterville daily recorder</subfield><subfield code="w">(DLC)sn 97060721</subfield></datafield></record>